<record><leader>00000cas a2200000 a 4500</leader><controlfield tag="001">11534929</controlfield><controlfield tag="008">841231d186918uucauwr ne      0    0eng c</controlfield><datafield ind1=" " ind2=" " tag="010"><subfield code="a">sn 84038818 </subfield></datafield><datafield ind1=" " ind2=" " tag="040"><subfield code="a">NPX</subfield><subfield code="b">eng</subfield><subfield code="c">NPX</subfield><subfield code="d">ANU</subfield><subfield code="d">CNK</subfield><subfield code="d">OCLCQ</subfield><subfield code="d">CNK</subfield><subfield code="d">OCLCQ</subfield><subfield code="d">OCLCF</subfield><subfield code="d">OCLCO</subfield><subfield code="d">AQM</subfield></datafield><datafield ind1=" " ind2=" " tag="042"><subfield code="a">pcc</subfield></datafield><datafield ind1=" " ind2=" " tag="043"><subfield code="a">n-us-ca</subfield></datafield><datafield ind1="0" ind2="0" tag="245"><subfield code="a">San Joaquin Valley Argus.</subfield></datafield><datafield ind1=" " ind2=" " tag="260"><subfield code="a">Snelling, Merced County, Cal. :</subfield><subfield code="b">R.J. Steele</subfield></datafield><datafield ind1=" " ind2=" " tag="300"><subfield code="a">v.</subfield></datafield><datafield ind1=" " ind2=" " tag="310"><subfield code="a">Weekly</subfield></datafield><datafield ind1="0" ind2=" " tag="362"><subfield code="a">Vol. 1, no. 1 (Aug. 28, 1869)-</subfield></datafield><datafield ind1=" " ind2=" " tag="500"><subfield code="a">Publication moved to Merced, Calif., Apr. 5, 1873.</subfield></datafield><datafield ind1=" " ind2=" " tag="500"><subfield code="a">Extra published as: Argus, June 21, 1885.</subfield></datafield><datafield ind1=" " ind2=" " tag="515"><subfield code="a">Suspended with Dec. 5, 1874 issue; resumed with Mar. 13, 1875 issue. Suspended with Mar. 10, 1877 issue; resumed with Jan. 5, 1878 issue.</subfield></datafield><datafield ind1=" " ind2=" " tag="530"><subfield code="a">Master negatives are available for duplication from:</subfield><subfield code="b">California Newspaper Microfilm Archive;</subfield><subfield code="c">positive copies may be purchased by the reel; for further information consult the CNMA at:</subfield><subfield code="u">http://cbsr.ucr.edu</subfield></datafield><datafield ind1=" " ind2="0" tag="651"><subfield code="a">San Joaquin Valley (Calif.)</subfield><subfield code="v">Newspapers.</subfield></datafield><datafield ind1=" " ind2="7" tag="651"><subfield code="a">California</subfield><subfield code="z">San Joaquin Valley.</subfield><subfield code="2">fast</subfield><subfield code="0">(OCoLC)fst01270333</subfield></datafield><datafield ind1=" " ind2="7" tag="655"><subfield code="a">Newspapers.</subfield><subfield code="2">fast</subfield><subfield code="0">(OCoLC)fst01423814</subfield></datafield><datafield ind1=" " ind2="7" tag="655"><subfield code="a">Newspapers.</subfield><subfield code="2">rbgenr</subfield></datafield><datafield ind1=" " ind2=" " tag="752"><subfield code="a">United States</subfield><subfield code="b">California</subfield><subfield code="c">Merced</subfield><subfield code="d">Merced.</subfield></datafield><datafield ind1=" " ind2=" " tag="752"><subfield code="a">United States</subfield><subfield code="b">California</subfield><subfield code="c">Merced</subfield><subfield code="d">Snelling.</subfield></datafield><datafield ind1="0" ind2=" " tag="775"><subfield code="t">Merced daily Argus</subfield><subfield code="w">(DLC)sn 93050973</subfield></datafield><datafield ind1="0" ind2="0" tag="780"><subfield code="t">Merced herald</subfield><subfield code="w">(DLC)sn 93050970</subfield></datafield><datafield ind1="0" ind2="0" tag="785"><subfield code="t">Merced County sun</subfield><subfield code="w">(DLC)sn 93050971</subfield></datafield></record>